@article{Spillman,
 author = {Spillman, Richard and Janssen, Mark and Nelson, Bob and Kepner, Martin},
 title = {Use of a Genetic Algorithm in the Cryptanalysis of Simple Substitution Ciphers},
 journal = {Cryptologia},
 issue_date = {Jan. 1993},
 volume = {17},
 number = {1},
 month = jan,
 year = {1993},
 issn = {0161-1194},
 pages = {31--44},
 numpages = {14},
 url = {http://dx.doi.org/10.1080/0161-119391867746},
 doi = {10.1080/0161-119391867746},
 acmid = {172251},
 publisher = {Taylor \& Francis, Inc.},
 address = {Bristol, PA, USA},
 keywords = {genetic algorithm, key search, simple substitution cipher},
}

@article{JG,
author = {H{\"o}lting, Jan Gerrit},
title = {Random number generation and Monte Carlo integration using \CPP},
month = {April},
year = {2019}
}

@misc{NYT,
author  = {Laura M. Holson},
title = {Musicians Mourn the Fiery Destruction of Their Recordings: "I Think They Are Gone Forever"},
year = {2019},
publisher = {New York Times},
howpublished = "\url{https://www.nytimes.com/2019/06/12/us/universal-music-fire-musician-reactions.html}",
 note = "[Online; accessed 6-July-2019]"
}


@misc{MNIST,
author  = {Yann LeCun and Corinna Cortes and Christopher Burges},
title = {{THE MNIST DATABASE}},
year = {2019},
howpublished = "\url{http://yann.lecun.com/exdb/mnist/}",
 note = "[Online; accessed 12-November-2019]"
}

@misc{TensorFlow,
author = {Google},
title = {{TensorFlow}},
year = {2019},
howpublished = "\url{https://www.tensorflow.org/}",
 note = "[Online; accessed 12-November-2019]"
}

@misc{Nielsen,
author = {Michael Nielsen},
title = {{Neural Networks and Deep Learning}},
year = {2019},
howpublished = "\url{http://neuralnetworksanddeeplearning.com/}",
 note = "[Online; accessed 12-November-2019]"
}


@misc{Goodfellow,
author = {Ian Goodfellow and Yoshua Bengio and Aaron Courville},
title = {{Deep Learning}},
year = {2019},
howpublished = "\url{http://www.deeplearningbook.org/}",
 note = "[Online; accessed 12-November-2019]"
}

@misc{Keras,
author = {Google},
title = {{TensorFlow Keras}},
year = {2019},
howpublished = "\url{https://www.tensorflow.org/guide/keras/overview}",
 note = "[Online; accessed 12-November-2019]"
}