@misc{JG,
author  = {H{\"o}lting, Jan Gerrit},
title = {{Crash Course Deep Learning - Assignment 1}},
year = {2019},
howpublished = "\url{https://github.com/jangerrith/deep_learning/blob/master/assignments/assignment1/dl_assignment1_jangerrithoelting.pdf}",
 note = "[Online; accessed 21-November-2019]"
}

@misc{JGitHub,
author  = {H{\"o}lting, Jan Gerrit},
title = {{deep\_learning, GitHub Repository}},
year = {2019},
howpublished = "\url{https://github.com/jangerrith/deep_learning}",
 note = "[Online; accessed 21-November-2019]"
}

@misc{Plotke,
author  = {wikipedia},
title = {{Convolutional Neural Network}},
year = {2019},
howpublished = "\url{https://de.wikipedia.org/wiki/Convolutional_Neural_Network}",
 note = "[Online; accessed 21-November-2019]"
}


@misc{MNIST,
author  = {Yann LeCun and Corinna Cortes and Christopher Burges},
title = {{THE MNIST DATABASE}},
year = {2019},
howpublished = "\url{http://yann.lecun.com/exdb/mnist/}",
 note = "[Online; accessed 12-November-2019]"
}

@misc{TensorFlow,
author = {Google},
title = {{TensorFlow}},
year = {2019},
howpublished = "\url{https://www.tensorflow.org/}",
 note = "[Online; accessed 12-November-2019]"
}

@misc{Nielsen,
author = {Michael Nielsen},
title = {{Neural Networks and Deep Learning}},
year = {2019},
howpublished = "\url{http://neuralnetworksanddeeplearning.com/}",
 note = "[Online; accessed 12-November-2019]"
}


@misc{Goodfellow,
author = {Ian Goodfellow and Yoshua Bengio and Aaron Courville},
title = {{Deep Learning}},
year = {2019},
howpublished = "\url{http://www.deeplearningbook.org/}",
 note = "[Online; accessed 12-November-2019]"
}

@misc{Keras,
author = {Google},
title = {{TensorFlow Keras}},
year = {2019},
howpublished = "\url{https://www.tensorflow.org/guide/keras/overview}",
 note = "[Online; accessed 12-November-2019]"
}